%YAML 1.1
%TAG !u! tag:unity3d.com,2011:
--- !u!1 &6520697984727046256
GameObject:
  m_ObjectHideFlags: 0
  m_CorrespondingSourceObject: {fileID: 0}
  m_PrefabInstance: {fileID: 0}
  m_PrefabAsset: {fileID: 0}
  serializedVersion: 6
  m_Component:
  - component: {fileID: 6520697984727046259}
  - component: {fileID: 6520697984727046261}
  - component: {fileID: 6520697984727046263}
  - component: {fileID: -5040173039937971509}
  - component: {fileID: 4225421451951805233}
  - component: {fileID: 335515470201176848}
  m_Layer: 9
  m_Name: EnemyFlail
  m_TagString: Untagged
  m_Icon: {fileID: 0}
  m_NavMeshLayer: 0
  m_StaticEditorFlags: 0
  m_IsActive: 1
--- !u!4 &6520697984727046259
Transform:
  m_ObjectHideFlags: 0
  m_CorrespondingSourceObject: {fileID: 0}
  m_PrefabInstance: {fileID: 0}
  m_PrefabAsset: {fileID: 0}
  m_GameObject: {fileID: 6520697984727046256}
  m_LocalRotation: {x: 0, y: 0, z: 0, w: 1}
  m_LocalPosition: {x: 5.5218325, y: 2.4729836, z: -0.64453125}
  m_LocalScale: {x: 1, y: 1, z: 1}
  m_Children:
  - {fileID: 5877517292802222276}
  - {fileID: 1308753407445975624}
  m_Father: {fileID: 0}
  m_RootOrder: 0
  m_LocalEulerAnglesHint: {x: 0, y: 0, z: 0}
--- !u!212 &6520697984727046261
SpriteRenderer:
  m_ObjectHideFlags: 0
  m_CorrespondingSourceObject: {fileID: 0}
  m_PrefabInstance: {fileID: 0}
  m_PrefabAsset: {fileID: 0}
  m_GameObject: {fileID: 6520697984727046256}
  m_Enabled: 1
  m_CastShadows: 0
  m_ReceiveShadows: 0
  m_DynamicOccludee: 1
  m_MotionVectors: 1
  m_LightProbeUsage: 1
  m_ReflectionProbeUsage: 1
  m_RenderingLayerMask: 1
  m_RendererPriority: 0
  m_Materials:
  - {fileID: 10754, guid: 0000000000000000f000000000000000, type: 0}
  m_StaticBatchInfo:
    firstSubMesh: 0
    subMeshCount: 0
  m_StaticBatchRoot: {fileID: 0}
  m_ProbeAnchor: {fileID: 0}
  m_LightProbeVolumeOverride: {fileID: 0}
  m_ScaleInLightmap: 1
  m_PreserveUVs: 0
  m_IgnoreNormalsForChartDetection: 0
  m_ImportantGI: 0
  m_StitchLightmapSeams: 1
  m_SelectedEditorRenderState: 0
  m_MinimumChartSize: 4
  m_AutoUVMaxDistance: 0.5
  m_AutoUVMaxAngle: 89
  m_LightmapParameters: {fileID: 0}
  m_SortingLayerID: 55176825
  m_SortingLayer: 3
  m_SortingOrder: 0
  m_Sprite: {fileID: 21300000, guid: 841da8fa1a180614590de5334969da88, type: 3}
  m_Color: {r: 1, g: 1, b: 1, a: 1}
  m_FlipX: 0
  m_FlipY: 0
  m_DrawMode: 0
  m_Size: {x: 1.28, y: 1.28}
  m_AdaptiveModeThreshold: 0.5
  m_SpriteTileMode: 0
  m_WasSpriteAssigned: 1
  m_MaskInteraction: 0
  m_SpriteSortPoint: 0
--- !u!50 &6520697984727046263
Rigidbody2D:
  serializedVersion: 4
  m_ObjectHideFlags: 0
  m_CorrespondingSourceObject: {fileID: 0}
  m_PrefabInstance: {fileID: 0}
  m_PrefabAsset: {fileID: 0}
  m_GameObject: {fileID: 6520697984727046256}
  m_BodyType: 0
  m_Simulated: 1
  m_UseFullKinematicContacts: 0
  m_UseAutoMass: 0
  m_Mass: 0.0001
  m_LinearDrag: 0
  m_AngularDrag: 0.05
  m_GravityScale: 0
  m_Material: {fileID: 6200000, guid: 754e1b810b13086429a89bffbcf029ef, type: 2}
  m_Interpolate: 0
  m_SleepingMode: 1
  m_CollisionDetection: 0
  m_Constraints: 4
--- !u!114 &-5040173039937971509
MonoBehaviour:
  m_ObjectHideFlags: 0
  m_CorrespondingSourceObject: {fileID: 0}
  m_PrefabInstance: {fileID: 0}
  m_PrefabAsset: {fileID: 0}
  m_GameObject: {fileID: 6520697984727046256}
  m_Enabled: 1
  m_EditorHideFlags: 0
  m_Script: {fileID: 11500000, guid: 1b5584b27e24ec94f8c8511db69b3e4f, type: 3}
  m_Name: 
  m_EditorClassIdentifier: 
  Damage: 10
  DamageCooldown: 1
--- !u!114 &4225421451951805233
MonoBehaviour:
  m_ObjectHideFlags: 0
  m_CorrespondingSourceObject: {fileID: 0}
  m_PrefabInstance: {fileID: 0}
  m_PrefabAsset: {fileID: 0}
  m_GameObject: {fileID: 6520697984727046256}
  m_Enabled: 1
  m_EditorHideFlags: 0
  m_Script: {fileID: 11500000, guid: 912f3029f72cbbf4ea1aed82f81540af, type: 3}
  m_Name: 
  m_EditorClassIdentifier: 
  Speed: 3
  Movement: []
--- !u!58 &335515470201176848
CircleCollider2D:
  m_ObjectHideFlags: 0
  m_CorrespondingSourceObject: {fileID: 0}
  m_PrefabInstance: {fileID: 0}
  m_PrefabAsset: {fileID: 0}
  m_GameObject: {fileID: 6520697984727046256}
  m_Enabled: 1
  m_Density: 1
  m_Material: {fileID: 0}
  m_IsTrigger: 1
  m_UsedByEffector: 0
  m_UsedByComposite: 0
  m_Offset: {x: 0, y: 0}
  serializedVersion: 2
  m_Radius: 0.8
--- !u!1001 &4604053391541180534
PrefabInstance:
  m_ObjectHideFlags: 0
  serializedVersion: 2
  m_Modification:
    m_TransformParent: {fileID: 6520697984727046259}
    m_Modifications:
    - target: {fileID: 4623303271768880188, guid: 4935741506d2bd24bb71d9d944903e29,
        type: 3}
      propertyPath: m_Name
      value: RightEyeSocket
      objectReference: {fileID: 0}
    - target: {fileID: 3300367084916628030, guid: 4935741506d2bd24bb71d9d944903e29,
        type: 3}
      propertyPath: m_LocalPosition.x
      value: 0.20791006
      objectReference: {fileID: 0}
    - target: {fileID: 3300367084916628030, guid: 4935741506d2bd24bb71d9d944903e29,
        type: 3}
      propertyPath: m_LocalPosition.y
      value: 0.11102557
      objectReference: {fileID: 0}
    - target: {fileID: 3300367084916628030, guid: 4935741506d2bd24bb71d9d944903e29,
        type: 3}
      propertyPath: m_LocalPosition.z
      value: 0.64453125
      objectReference: {fileID: 0}
    - target: {fileID: 3300367084916628030, guid: 4935741506d2bd24bb71d9d944903e29,
        type: 3}
      propertyPath: m_LocalRotation.x
      value: -0
      objectReference: {fileID: 0}
    - target: {fileID: 3300367084916628030, guid: 4935741506d2bd24bb71d9d944903e29,
        type: 3}
      propertyPath: m_LocalRotation.y
      value: -0
      objectReference: {fileID: 0}
    - target: {fileID: 3300367084916628030, guid: 4935741506d2bd24bb71d9d944903e29,
        type: 3}
      propertyPath: m_LocalRotation.z
      value: -0
      objectReference: {fileID: 0}
    - target: {fileID: 3300367084916628030, guid: 4935741506d2bd24bb71d9d944903e29,
        type: 3}
      propertyPath: m_LocalRotation.w
      value: 1
      objectReference: {fileID: 0}
    - target: {fileID: 3300367084916628030, guid: 4935741506d2bd24bb71d9d944903e29,
        type: 3}
      propertyPath: m_RootOrder
      value: 1
      objectReference: {fileID: 0}
    - target: {fileID: 3300367084916628030, guid: 4935741506d2bd24bb71d9d944903e29,
        type: 3}
      propertyPath: m_LocalEulerAnglesHint.x
      value: 0
      objectReference: {fileID: 0}
    - target: {fileID: 3300367084916628030, guid: 4935741506d2bd24bb71d9d944903e29,
        type: 3}
      propertyPath: m_LocalEulerAnglesHint.y
      value: 0
      objectReference: {fileID: 0}
    - target: {fileID: 3300367084916628030, guid: 4935741506d2bd24bb71d9d944903e29,
        type: 3}
      propertyPath: m_LocalEulerAnglesHint.z
      value: 0
      objectReference: {fileID: 0}
    m_RemovedComponents: []
  m_SourcePrefab: {fileID: 100100000, guid: 4935741506d2bd24bb71d9d944903e29, type: 3}
--- !u!4 &1308753407445975624 stripped
Transform:
  m_CorrespondingSourceObject: {fileID: 3300367084916628030, guid: 4935741506d2bd24bb71d9d944903e29,
    type: 3}
  m_PrefabInstance: {fileID: 4604053391541180534}
  m_PrefabAsset: {fileID: 0}
--- !u!1001 &8961143697427788538
PrefabInstance:
  m_ObjectHideFlags: 0
  serializedVersion: 2
  m_Modification:
    m_TransformParent: {fileID: 6520697984727046259}
    m_Modifications:
    - target: {fileID: 4623303271768880188, guid: 4935741506d2bd24bb71d9d944903e29,
        type: 3}
      propertyPath: m_Name
      value: LeftEyeSocket
      objectReference: {fileID: 0}
    - target: {fileID: 3300367084916628030, guid: 4935741506d2bd24bb71d9d944903e29,
        type: 3}
      propertyPath: m_LocalPosition.x
      value: -0.265
      objectReference: {fileID: 0}
    - target: {fileID: 3300367084916628030, guid: 4935741506d2bd24bb71d9d944903e29,
        type: 3}
      propertyPath: m_LocalPosition.y
      value: 0.118
      objectReference: {fileID: 0}
    - target: {fileID: 3300367084916628030, guid: 4935741506d2bd24bb71d9d944903e29,
        type: 3}
      propertyPath: m_LocalPosition.z
      value: 0
      objectReference: {fileID: 0}
    - target: {fileID: 3300367084916628030, guid: 4935741506d2bd24bb71d9d944903e29,
        type: 3}
      propertyPath: m_LocalRotation.x
      value: 0
      objectReference: {fileID: 0}
    - target: {fileID: 3300367084916628030, guid: 4935741506d2bd24bb71d9d944903e29,
        type: 3}
      propertyPath: m_LocalRotation.y
      value: 0
      objectReference: {fileID: 0}
    - target: {fileID: 3300367084916628030, guid: 4935741506d2bd24bb71d9d944903e29,
        type: 3}
      propertyPath: m_LocalRotation.z
      value: 0
      objectReference: {fileID: 0}
    - target: {fileID: 3300367084916628030, guid: 4935741506d2bd24bb71d9d944903e29,
        type: 3}
      propertyPath: m_LocalRotation.w
      value: 1
      objectReference: {fileID: 0}
    - target: {fileID: 3300367084916628030, guid: 4935741506d2bd24bb71d9d944903e29,
        type: 3}
      propertyPath: m_RootOrder
      value: 0
      objectReference: {fileID: 0}
    - target: {fileID: 3300367084916628030, guid: 4935741506d2bd24bb71d9d944903e29,
        type: 3}
      propertyPath: m_LocalEulerAnglesHint.x
      value: 0
      objectReference: {fileID: 0}
    - target: {fileID: 3300367084916628030, guid: 4935741506d2bd24bb71d9d944903e29,
        type: 3}
      propertyPath: m_LocalEulerAnglesHint.y
      value: 0
      objectReference: {fileID: 0}
    - target: {fileID: 3300367084916628030, guid: 4935741506d2bd24bb71d9d944903e29,
        type: 3}
      propertyPath: m_LocalEulerAnglesHint.z
      value: 0
      objectReference: {fileID: 0}
    m_RemovedComponents: []
  m_SourcePrefab: {fileID: 100100000, guid: 4935741506d2bd24bb71d9d944903e29, type: 3}
--- !u!4 &5877517292802222276 stripped
Transform:
  m_CorrespondingSourceObject: {fileID: 3300367084916628030, guid: 4935741506d2bd24bb71d9d944903e29,
    type: 3}
  m_PrefabInstance: {fileID: 8961143697427788538}
  m_PrefabAsset: {fileID: 0}
